@online{Rahmenlehrplan,
  title = {Rahmenlehrplan f√ºr die Ausbildungsberufe Fachinformatiker und Fachinformatikerin IT-System-Elektoniker und IT-System-Elektronikerin (Beschluss der Kultusministerkonferenz vom 13.12.2019)},
  url   = {https://www.kmk.org/themen/berufliche-schulen/duale-berufsausbildung/downloadbereich-rahmenlehrplaene.html}
}